@book{jurafsky2023speech,
  author = {Jurafsky, D. and Martin, J. H.},
  title = {Speech and Language Processing},
  year = {2023},
  publisher = {Draft, 3rd edition}
}

@book{manning2008introduction,
  author = {Manning, C. D. and Raghavan, P. and Schütze, H.},
  title = {Introduction to Information Retrieval},
  year = {2008},
  publisher = {Cambridge University Press}
}

@misc{scherer1986isear,
  author = {Scherer, K. R. and Wallbott, H. G. and Summerfield, A. B.},
  title = {International Survey on Emotion Antecedents and Reactions (ISEAR)},
  year = {1986},
  note = {Dataset}
}

@inproceedings{villena2013tass,
  author = {Villena-Román, J. and García-Morera, J. and others},
  title = {TASS: Corpus de tweets en español para análisis de sentimientos},
  booktitle = {Taller de Análisis Semántico (SEPLN)},
  year = {2013}
}

@article{smith2022mentalhealth,
  author = {Smith, A. and Johnson, R.},
  title = {AI-assisted mental health apps: Opportunities and risks},
  journal = {Journal of Digital Psychology},
  year = {2022},
  volume = {15},
  number = {3},
  pages = {45--59}
}

@article{gutierrez2021emociones,
  author = {Gutiérrez, C. and Pérez, M.},
  title = {Modelos de procesamiento de lenguaje natural para detección de emociones},
  journal = {Revista Colombiana de Computación},
  year = {2021},
  volume = {10},
  number = {2},
  pages = {12--25}
}

@misc{tensorflowlite2023,
  author = {TensorFlow Lite Team},
  title = {TensorFlow Lite for Android},
  year = {2023},
  howpublished = {\url{https://www.tensorflow.org/lite}}
}

@article{who2022mental,
  author = {World Health Organization},
  title = {Mental health: strengthening our response},
  journal = {WHO Fact Sheet},
  year = {2022}
}

@misc{utadeo2024bienestar,
  author = {Universidad de Bogotá Jorge Tadeo Lozano},
  title = {Bienestar Universitario: Programas de apoyo psicológico},
  year = {2024},
  howpublished = {\url{https://www.utadeo.edu.co/}}
}

@article{garcia2020appsalud,
  author = {García, L. and Martínez, P.},
  title = {Aplicaciones móviles de salud mental: revisión de literatura},
  journal = {Salud Digital Latinoamericana},
  year = {2020},
  volume = {4},
  number = {1},
  pages = {33--48}
}
